<?xml version="1.0" encoding="UTF-8"?><collection xmlns="http://www.loc.gov/MARC21/slim"><record><leader>00541nam--2200193-i-4500</leader><controlfield tag="001">000026300</controlfield><controlfield tag="002">20161230</controlfield><controlfield tag="005">20161230201036</controlfield><controlfield tag="008">060222s1000------------r-----000-0-eng-d</controlfield><datafield ind1=" " ind2=" " tag="020"><subfield code="a">030640221</subfield></datafield><datafield ind1=" " ind2=" " tag="040"><subfield code="a">IFIN-HH</subfield></datafield><datafield ind1=" " ind2=" " tag="080"><subfield code="a">538.911:546.121.13</subfield></datafield><datafield ind1="1" ind2=" " tag="100"><subfield code="a">Hardy, John R</subfield></datafield><datafield ind1="1" ind2="0" tag="245"><subfield code="a">The lattice dynamics and statics of alkali halide crystals</subfield><subfield code="c">John r. hardy, arnold m. karo,</subfield></datafield><datafield ind1=" " ind2=" " tag="260"><subfield code="a">New York</subfield><subfield code="b">Plenum Press</subfield><subfield code="c">1979</subfield></datafield><datafield ind1=" " ind2=" " tag="300"><subfield code="a">VII + 314P</subfield></datafield><datafield ind1="1" ind2=" " tag="700"><subfield code="a">Karo, Arnold M</subfield></datafield><datafield ind1=" " ind2=" " tag="852"><subfield code="a">70197</subfield><subfield code="c">539.2</subfield></datafield><datafield ind1=" " ind2=" " tag="CAT"><subfield code="a">Sys</subfield><subfield code="c">20121105</subfield><subfield code="h">122228</subfield></datafield></record></collection>